@book{BOELLSTORFF2008,
	author = {Boellstorff, Tom},
	isbn = 0691135282,
	month = apr,
	publisher = {Princeton University Press},
	shorttitle = {Coming of Age in Second Life},
	title = {{Coming of Age in Second Life: An Anthropologist Explores the Virtually Human}},
	year = 2008
}

@article{Burrell2009,
	abstract = {Through the work of constructing a field site, researchers define the objects and subjects of their research. This article explores a variety of strategies devised by researchers to map social research onto spatial terrain. Virtual networked field sites are among the recent approaches that are challenging conventional thinking about field-based research. The benefits and consequences of one particular configuration, the field site as a network that incorporates physical, virtual, and imagined spaces, will be explored in detail through a case study. The author focuses in particular on the logistical issues involved and practical steps to constructing such a field site. This article includes suggestions for ways of studying social phenomena that take place on a vast terrain from a stationary position.},
	author = {Burrell, Jenna},
	doi = {10.1177/1525822X08329699},
	journal = {Field Methods},
	month = may,
	number = 2,
	pages = {181--199},
	shorttitle = {The Field Site as a Network},
	title = {{The Field Site as a Network: A Strategy for Locating Ethnographic Research}},
	volume = 21,
	year = 2009
}

@article{Fischer1999,
	author = {Fischer, Michael M.J},
	journal = {Critical anthropology now: Unexpected contexts, shifting constituencies, changing agendas},
	pages = {245--304},
	title = {{Worlding cyberspace: Toward a critical ethnography in time, space, and theory}},
	year = 1999
}

@book{Hine2000,
	address = {London},
	author = {Hine, Christine},
	isbn = {0761958967, 9780761958963},
	pages = 179,
	publisher = {SAGE},
	title = {{Virtual ethnography}},
	year = 2000
}

@article{Marcus1995,
	author = {Marcus, George E.},
	doi = {10.1146/annurev.an.24.100195.000523},
	issn = {0084-6570},
	journal = {Annual Review of Anthropology},
	keywords = {comparison,cultural studies,globalization,methods,multi-locale,process},
	language = {en},
	month = oct,
	number = 1,
	pages = {95--117},
	publisher = {Annual Reviews  4139 El Camino Way, P.O. Box 10139, Palo Alto, CA 94303-0139, USA},
	title = {{Ethnography in/of the World System: The Emergence of Multi-Sited Ethnography}},
	volume = 24,
	year = 1995
}


@book{Miller2001,
	address = {Oxford, England},
	author = {Miller, Daniel and Slater, Don},
	publisher = {Berg},
	title = {{The Internet: An Ethnographic Approach}},
	year = 2001
}

@book{Rabinow-MarkingTime,
  title={Marking time: On the anthropology of the contemporary},
  author={Rabinow, Paul},
  year={2009},
  address={Princeton, NJ},
  publisher={Princeton University Press}
}

@article{Throop2009,
  title={Intermediary varieties of experience},
  author={Throop, C Jason},
  journal={Ethnos},
  volume={74},
  number={4},
  pages={535--558},
  year={2009},
  publisher={Taylor \& Francis}
}

@book{Rabinow2008,
address = {Durham},
author = {Rabinow, Paul and Marcus, George E and Faubion, James D and Rees, Tobias},
isbn = 9780822343349,
keywords = {Authorship,Ethnology,Methodology,Research},
publisher = {Duke University Press},
title = {{Designs for an Anthropology of the Contemporary}},
year = 2008
}


@book{horst2013digital,
  title={Digital anthropology},
  editor={Horst, Heather A and Miller, Daniel},
  year=2013,
  address={London;New York},
  publisher={Berg, Bloomsbury Academic}
}

@book{boellstorff2012ethnography,
  title={Ethnography and virtual worlds: A handbook of method},
  author={Boellstorff, Tom and Nardi, Bonnie and Pearce, Celia},
  year=2012,
 address={Princeton, NJ},
 publisher={Princeton University Press}
}

@article{Suchman1999,
abstract = {This article provides an overview of a research program developed over the past 20 years to explore relations between everyday practices and technology design and use. The studies highlighted reflect three interrelated lines of inquiry: (a) critical analyses of technical discourses and practices, (b) ethnographies of work and technologies-in-use, and (c) design interventions. Starting from the premise that technologies can be assessed only in their relations to the sites of their production and use, the authors reconstruct technologies as social practice. A central problem for the design of artifacts then becomes their relation to the environments of their intended use. Through ethnographies of the social world, the analyses focus on just how social/material specificities are assembled together to comprise our everyday experience.},
author = {Suchman, L. and Blomberg, J. and Orr, J. E. and Trigg, R.},
doi = {10.1177/00027649921955335},
issn = {0002-7642},
journal = {American Behavioral Scientist},
month = nov,
number = {3},
pages = {392--408},
title = {{Reconstructing Technologies as Social Practice}},
url = {http://abs.sagepub.com/cgi/content/abstract/43/3/392},
volume = {43},
year = {1999}
}

@book{Suchman1987,
author = {Suchman, Lucille Alice},
isbn = {0521337399, 9780521337397},
pages = {224},
publisher = {Cambridge University Press},
title = {{Plans and situated actions}},
url = {http://books.google.com/books?id=AJ\_eBJtHxmsC},
year = {1987}
}

@book{forsythe2001studying,
  title={Studying those who study us: An anthropologist in the world of artificial intelligence},
  author={Forsythe, Diana},
  year={2001},
  publisher={Stanford University Press}
}

@book{Latour2007,
author = {Latour, Bruno},
isbn = {0199256055},
keywords = {history,latour,social theory,sociology,theory},
mendeley-tags = {history,latour,social theory,sociology,theory},
month = oct,
pages = {328},
publisher = {Oxford University Press, USA},
shorttitle = {Reassembling the Social},
title = {{Reassembling the Social: An Introduction to Actor-Network-Theory}},
url = {http://www.amazon.com/dp/0199256055},
year = {2007}
}

@article{Forsythe1999,
 year=1999,
 issn={0925-9724},
journal={Computer Supported Cooperative Work (CSCW)},
volume=8,
number={1--2},
doi={10.1023/A:1008692231284},
title={“It's Just a Matter of Common Sense”: Ethnography as Invisible Work},
publisher={Kluwer Academic Publishers},
keywords={ethnography; anthropology; medical informatics; computers and medicine; qualitative methods; user studies; evaluation},
author={Forsythe, DianaE.},
pages={127-145},
language={English}
}


@book{Kelty2008,
address = {Durham, N.C.},
author = {Kelty, Christopher M},
publisher = {Duke University Press},
title = {{Two Bits: The Cultural Significance of Free Software}},
year = {2008}
}
@incollection{Kelty2008a,
address = {Ithaca, NY},
author = {Kelty, Christopher M},
editor = {Faubion, James and Marcus, George},
keywords = {Folder - all},
booktitle = {Fieldwork Ain't What it Used to Be},
mendeley-tags = {Folder - all},
publisher = {Cornell University Press},
title = {{Collaboration, Coordination and Composition: Fieldwork after the Internet}},
year = {2008}
}

@book{xiang2007,
  title={Global" body shopping": an Indian labor system in the information technology industry},
  author={Xiang, Biao},
  year={2007},
  publisher={Princeton University Press}
}

@book{Takhteyev2012,
author = {Takhteyev, Y},
isbn = {0262018071},
publisher = {MIT Press (MA)},
title = {{Coding Places: Software Practice in a South American City}},
year = {2012}
}


@article{Coleman2010,
author = {Coleman, Gabriella},
doi = {10.1353/anq.0.0112},
issn = {1534-1518},
journal = {Anthropological Quarterly},
number = {1},
pages = {47--72},
title = {{The Hacker Conference: A Ritual Condensation and Celebration of a Lifeworld}},
url = {http://muse.jhu.edu/content/crossref/journals/anthropological\_quarterly/v083/83.1.coleman.html},
volume = {83},
year = {2010}
}

@book{Malaby2009,
author = {Malaby, Thomas},
isbn = 0801447461,
mendeley-groups = {Zotero - Zotero Library,Zotero - IS289Fieldwork},
month = jun,
publisher = {Cornell University Press},
shorttitle = {Making Virtual Worlds},
title = {{Making Virtual Worlds: Linden Lab and Second Life}},
url = {http://www.amazon.com/dp/0801447461},
year = 2009
}

@book{Clifford1986,
address = {Berkeley},
author = {Clifford, James and Marcus, George E and {School of American Research (Santa Fe, N.M.)}},
isbn = 0520056523,
publisher = {University of California Press},
shorttitle = {Writing Culture},
title = {{Writing Culture: The Poetics and Politics of Ethnography: A School of American Research Advanced Seminar}},
year = 1986
}
@book{Stark2009,
author = {Stark, David},
isbn = {0691132801, 9780691132808},
mendeley-groups = {Zotero - Zotero Library},
month = aug,
pages = {264},
publisher = {Princeton University Press},
title = {{The sense of dissonance}},
url = {http://books.google.com/books?id=mBuOA5QylGsC},
year = {2009}
}

@book{Marcus1999a,
author = {Marcus, George E. and Fischer, Michael M. J.},
isbn = 0226504506,
pages = 194,
publisher = {University of Chicago Press},
title = {{Anthropology as cultural critique: an experimental moment in the human sciences}},
url = {http://books.google.com/books?id=oStfoHG0ovIC\&pgis=1},
year = 1999
}



@book{Rabinow2003,
author = {Rabinow, Paul},
isbn = 0691115664,
month = sep,
pages = 152,
publisher = {Princeton University Press},
shorttitle = {Anthropos Today},
title = {{Anthropos Today: Reflections on Modern Equipment}},
url = {http://www.amazon.com/dp/0691115664},
year = 2003
}



@phdthesis{Broca2012,
abstract = {Dans le mouvement d'extension de la port\'{e}e sociale du logiciel libre s'est constitu\'{e}e une utopie, qui constitue un pan de l'imaginaire politique contemporain. Cette utopie s'\'{e}tend d\'{e}sormais bien au-del\`{a} de son milieu socio-culturel d'origine (le milieu hacker), du fait des liens tiss\'{e}s entre " libristes " et d\'{e}fenseurs des " biens communs ", du poids croissant de l'approche open source, et \`{a} proportion de l'int\'{e}r\^{e}t suscit\'{e} par le logiciel libre chez certains intellectuels critiques \`{a} partir de la fin des ann\'{e}es 1990. Reprenant l'id\'{e}al cybern\'{e}tique de libre circulation de l'information, l'utopie du logiciel libre se pr\'{e}sente comme une contestation de la vision n\'{e}olib\'{e}rale de la propri\'{e}t\'{e} intellectuelle, et comme une critique des formes d'organisation du travail caract\'{e}ristiques du capitalisme industriel. Elle se d\'{e}ploie en tant qu'" utopie concr\`{e}te " (E. Bloch), mettant en jeu des pratiques de collaboration en ligne, des cr\'{e}ations juridiques originales, et des formes de militantisme. Elle embrasse un id\'{e}al d'auto-organisation de la soci\'{e}t\'{e} civile, fond\'{e} sur la valorisation d'un domaine d'activit\'{e}s sociales distinct tant de l'\'{E}tat que du march\'{e}. Elle est toutefois condamn\'{e}e \`{a} demeurer en de\c{c}\`{a} de cet id\'{e}al, et reste par ailleurs toujours menac\'{e}e par les s\'{e}ductions du mythe et les renoncements de l'id\'{e}ologie.},
author = {Broca, S\'{e}bastien},
school = {Universit\'{e} I, Paris -- Sorbonne},
title = {{L'utopie du logiciel libre: La construction de projets de transformation sociale en lien avec le mouvement du free software.}},
url = {http://hal.archives-ouvertes.fr/tel-00662283/},
year = {2012}
}

@book{Bloch1986,
address = {Oxford},
author = {Bloch, Ernst},
isbn = {9780631133872},
publisher = {Basil Blackwell},
title = {{The principle of hope}},
year = {1986}
}
@book{Turkle1984,
address = {New York},
author = {Turkle, Sherry},
isbn = {9780671468484},
publisher = {Simon and Schuster},
title = {{The second self : computers and the human spirit}},
year = {1984}
}
@book{Bateson1958,
address = {Stanford  Calif.},
author = {Bateson, Gregory},
isbn = {9780804705196},
publisher = {Stanford University Press},
title = {{Naven, a survey of the problems suggested by a composite picture of the culture of a New Guinea tribe drawn from three points of view.}},
year = {1958}
}
@book{Crapanzano1980,
address = {Chicago},
author = {Crapanzano, Vincent},
isbn = {9780226118703},
publisher = {University of Chicago Press},
title = {{Tuhami, portrait of a Moroccan}},
year = {1980}
}
@book{Fischer1990,
address = {Madison  Wis.},
author = {Fischer, Michael and Abedi, Mehdi},
isbn = {9780299124304},
publisher = {University of Wisconsin Press},
title = {{Debating Muslims : cultural dialogues in postmodernity and tradition}},
year = {1990}
}
@book{Briggs1986,
address = {Cambridge [Cambridgeshire] ;;New York},
author = {Briggs, Charles},
isbn = {9780521322256},
publisher = {Cambridge University Press},
title = {{Learning how to ask : a sociolinguistic appraisal of the role of the interview in social science research}},
year = {1986}
}
@book{Veblen1934,
address = {New York},
author = {Veblen, Thorstein},
publisher = {Modern library},
title = {{The theory of the leisure class  an economic study of institutions,}},
year = {1934}
}
@book{Burrell2012,
address = {Cambridge  Mass.},
author = {Burrell, Jenna},
isbn = {9780262017367},
publisher = {MIT Press},
title = {{Invisible users : youth in the Internet cafes of urban Ghana}},
year = {2012}
}
@book{Ullman1997,
address = {San Francisco},
author = {Ullman, Ellen},
isbn = {9780872863378},
publisher = {City Lights Books},
title = {{Close to the machine : technophilia and its discontents : a memoir}},
year = {1997}
}
@book{Nugent2008,
address = {New York},
author = {Nugent, Benjamin},
isbn = {9780743288019},
publisher = {Scribner},
title = {{American nerd : the story of my people}},
year = {2008}
}
@book{Chan2013,
address = {Cambridge  Mass.},
author = {Chan, Anita},
isbn = {9780262019712},
publisher = {MIT Press},
title = {{Networking peripheries : technological futures and the myth of digital universalism}},
year = {2013}
}
@book{Kohn2013,
address = {Berkeley},
author = {Kohn, Eduardo},
isbn = {9780520276109},
publisher = {University of California Press},
title = {{How forests think : toward an anthropology beyond the human}},
year = {2013}
}
@book{ViveirosdeCastro2014,
address = {Minneapolis},
author = {{Viveiros de Castro}, Eduardo},
isbn = {9781937561215},
publisher = {University of Minnesota Press},
title = {{Cannibal metaphysics : for a post-structural anthropology}},
year = {2014}
}
@book{Horst2012,
address = {London ;;New York},
author = {Horst, Heather and Miller, Daniel},
isbn = {9780857852908},
publisher = {Berg},
title = {{Digital anthropology}},
year = {2012}
}
@inbook {Leach2013,
title = {Prefigurative Politics},
author = {Leach, Darcy K.},
author = {},
publisher = {Blackwell Publishing Ltd},
isbn = {9780470674871},
url = {http://dx.doi.org/10.1002/9780470674871.wbespm167},
doi = {10.1002/9780470674871.wbespm167},
keywords = {anarchism, democracy, egalitarianism, feminism, social change},
booktitle = {The Wiley-Blackwell Encyclopedia of Social and Political Movements},
year = {2013},
}

@book{Coleman2013,
address = {Princeton},
author = {Coleman, E. Gabriella},
isbn = 9780691144610,
mendeley-groups = {Zotero - NSF-VOSS},
publisher = {Princeton University Press},
title = {{Coding freedom : the ethics and aesthetics of hacking}},
url = {http://ucla.worldcat.org/title/coding-freedom-the-ethics-and-aesthetics-of-hacking/oclc/820917434\&referer=brief\_results},
year = 2013
}
@article{Marcus1985,
  title={A timely rereading of Naven: Gregory Bateson as oracular essayist},
  author={Marcus, George E},
  journal={Representations},
  pages={66--82},
  year={1985},
  publisher={JSTOR}
}

@book{Hirschkind2006,
  title={The ethical soundscape: Cassette sermons and Islamic counterpublics},
  author={Hirschkind, Charles},
  year={2006},
  address={New York},
  publisher={Columbia University Press}
}

@book{Harding2001,
  title={The book of Jerry Falwell: Fundamentalist language and politics},
  author={Harding, Susan Friend},
  year={2001},
  address={Princeton, NJ},
  publisher={Princeton University Press}
}
@book{Miller2011,
  title={Tales from facebook},
  author={Miller, Daniel},
  year={2011},
  publisher={Polity}
}
@book{Nakamura2013,
  title={Cybertypes: Race, ethnicity, and identity on the Internet},
  author={Nakamura, Lisa},
  year={2013},
  publisher={Routledge}
}

@book{Henare2007,
  title={Thinking through things: Theorising artefacts ethnographically},
  author={Henare, Amiria and Holbraad, Martin and Wastell, Sari},
  year={2007},
  publisher={Routledge}
}

@book{Latour2013,
  title={An inquiry into modes of existence},
  author={Latour, Bruno},
  year={2013},
  publisher={Harvard University Press}
}

